<?xml version="1.0" encoding="UTF-8"?><collection xmlns="http://www.loc.gov/MARC21/slim"><record><leader>00414nam--2200145-i-4500</leader><controlfield tag="001">000032191</controlfield><controlfield tag="002">20161230</controlfield><controlfield tag="005">20161230201039</controlfield><controlfield tag="008">060222s1000------------r-----000-0-eng-d</controlfield><datafield ind1=" " ind2=" " tag="080"><subfield code="a">621.374.3</subfield></datafield><datafield ind1=" " ind2=" " tag="100"><subfield code="a">Marcus, Mitchell P</subfield></datafield><datafield ind1=" " ind2=" " tag="245"><subfield code="a">Switching circuits for engineers</subfield></datafield><datafield ind1=" " ind2=" " tag="260"><subfield code="a">Englewood Cliffs, Prentice-hall, Inc., 1967, Xiv + 338p</subfield></datafield><datafield ind1=" " ind2=" " tag="490"><subfield code="a">Prenticce-hall Electrical Engineering Series</subfield></datafield><datafield ind1=" " ind2=" " tag="852"><subfield code="a">31837</subfield></datafield></record></collection>